@article{bris2008existence,
  title={Existence and uniqueness of solutions to Fokker--Planck type equations with irregular coefficients},
  author={Bris, C Le and Lions, P-L},
  journal={Communications in Partial Differential Equations},
  volume={33},
  number={7},
  pages={1272--1317},
  year={2008},
  publisher={Taylor \& Francis}
}

@article{huang2015steady,
  title={Steady states of Fokker--Planck equations: I. existence},
  author={Huang, Wen and Ji, Min and Liu, Zhenxin and Yi, Yingfei},
  journal={Journal of Dynamics and Differential Equations},
  volume={27},
  number={3},
  pages={721--742},
  year={2015},
  publisher={Springer}
}

@article{chang1970practical,
  title={A practical difference scheme for Fokker-Planck equations},
  author={Chang, JS and Cooper, G},
  journal={Journal of Computational Physics},
  volume={6},
  number={1},
  pages={1--16},
  year={1970},
  publisher={Elsevier}
}

@book{shen2011spectral,
  title={Spectral methods: algorithms, analysis and applications},
  author={Shen, Jie and Tang, Tao and Wang, Li-Lian},
  volume={41},
  year={2011},
  publisher={Springer Science \& Business Media}
}